<?xml version="1.0" encoding="UTF-8"?><record xmlns="http://www.loc.gov/MARC21/slim" xmlns:cinclude="http://apache.org/cocoon/include/1.0" xmlns:zs="http://www.loc.gov/zing/srw/">
  <leader>00488cz  a2200133n  4500</leader>
  <controlfield tag="001">n 2006204538</controlfield>
  <controlfield tag="003">DLC</controlfield>
  <controlfield tag="005">20160622112554.0</controlfield>
  <controlfield tag="008">071004n| azannaabn          |a aaa      </controlfield>
  <datafield tag="010" ind1=" " ind2=" ">
    <subfield code="a">n 2006204538</subfield>
  </datafield>
  <datafield tag="040" ind1=" " ind2=" ">
    <subfield code="a">DLC</subfield>
    <subfield code="b">eng</subfield>
    <subfield code="e">rda</subfield>
    <subfield code="c">DLC</subfield>
    <subfield code="d">DLC</subfield>
  </datafield>
  <datafield tag="100" ind1="1" ind2=" ">
    <subfield code="a">Amanzholov, A. S.</subfield>
    <subfield code="q">(Altaĭ Sarsenovich).</subfield>
    <subfield code="t">Tu̇rkī filologii︠a︡sy zhăne zhazu tarikhy.</subfield>
    <subfield code="l">Turkish</subfield>
  </datafield>
  <datafield tag="400" ind1="1" ind2=" ">
    <subfield code="a">Amanzholov, A. S.</subfield>
    <subfield code="q">(Altaĭ Sarsenovich).</subfield>
    <subfield code="t">Türk filolojisi ve yazı tarihi</subfield>
  </datafield>
  <datafield tag="670" ind1=" " ind2=" ">
    <subfield code="a">Türk filolojisi ve yazı tarihi, 2006.</subfield>
  </datafield>
</record>